<?xml version="1.0" encoding="UTF-8"?><collection xmlns="http://www.loc.gov/MARC21/slim"><record><leader>00554nam--2200205-i-4500</leader><controlfield tag="001">000007366</controlfield><controlfield tag="002">20161230</controlfield><controlfield tag="005">20170102215839</controlfield><controlfield tag="008">060222s1000------------r-----000-0-fre-d</controlfield><datafield ind1=" " ind2=" " tag="040"><subfield code="a">IFIN-HH</subfield></datafield><datafield ind1=" " ind2=" " tag="041"><subfield code="a">fre</subfield></datafield><datafield ind1=" " ind2=" " tag="080"><subfield code="a">539.122.164</subfield></datafield><datafield ind1="1" ind2=" " tag="100"><subfield code="a">Duivenstijn, A. J</subfield></datafield><datafield ind1="1" ind2="0" tag="245"><subfield code="a">Spectrometrie gamma en pratique</subfield><subfield code="c">A.J. Duivenstijn, l.A.J. Venverloo</subfield></datafield><datafield ind1=" " ind2=" " tag="260"><subfield code="a">Paris</subfield><subfield code="b">Dunod</subfield><subfield code="c">1965</subfield></datafield><datafield ind1=" " ind2=" " tag="300"><subfield code="a">VIII+158 p</subfield></datafield><datafield ind1=" " ind2=" " tag="490"><subfield code="a">Bibliotheque Technique Philips</subfield></datafield><datafield ind1="1" ind2=" " tag="700"><subfield code="a">Venverloo, L. A. J</subfield></datafield><datafield ind1=" " ind2=" " tag="852"><subfield code="a">22351</subfield><subfield code="c">539.163.2</subfield></datafield><datafield ind1=" " ind2=" " tag="CAT"><subfield code="a">SYS</subfield><subfield code="c">20170102</subfield><subfield code="h">215839</subfield></datafield></record></collection>